@book {Ziegler95,
    AUTHOR = {Ziegler, G\"{u}nter M.},
     TITLE = {Lectures on polytopes},
    SERIES = {Graduate Texts in Mathematics},
    VOLUME = {152},
 PUBLISHER = {Springer-Verlag, New York},
      YEAR = {1995},
     PAGES = {x+370},
}

@article {BilleraSturmfels92,
    AUTHOR = {Billera, Louis J. and Sturmfels, Bernd},
     TITLE = {Fiber polytopes},
   JOURNAL = {Ann. of Math. (2)},
  FJOURNAL = {Annals of Mathematics. Second Series},
    VOLUME = {135},
      YEAR = {1992},
    NUMBER = {3},
     PAGES = {527--549},
}

@article{MTTV19,
  author = {Masuda, Naruki and Thomas, Hugh and Tonks, Andy and Vallette, Bruno},
  title = "{The diagonal of the associahedra}",
  journal = {Journal de l'\'{E}cole polytechnique},
  volume = {8},
  year = {2021},
  pages = {121--146},
}

@article{GLA21,
  author = {Laplante-Anfossi, Guillaume},
  title = "{The diagonal of the operahedra}",
  journal = {arXiv e-prints},
  year = {2021},
  pages = {\texttt{arXiv:2110.14062}},
}




